<record><leader>00000cas a22000007a 4500</leader><controlfield tag="001">1763429</controlfield><controlfield tag="008">751101d19641966mnuwr ne      0    0eng d</controlfield><datafield ind1=" " ind2=" " tag="010"><subfield code="a">sn 90060953 </subfield></datafield><datafield ind1=" " ind2=" " tag="040"><subfield code="a">MUL</subfield><subfield code="b">eng</subfield><subfield code="c">MUL</subfield><subfield code="d">MN#</subfield><subfield code="d">OCLCQ</subfield><subfield code="d">OCLCF</subfield><subfield code="d">OCLCO</subfield></datafield><datafield ind1="1" ind2=" " tag="029"><subfield code="a">AU@</subfield><subfield code="b">000025850333</subfield></datafield><datafield ind1=" " ind2=" " tag="042"><subfield code="a">msc</subfield></datafield><datafield ind1=" " ind2=" " tag="043"><subfield code="a">n-us-mn</subfield></datafield><datafield ind1=" " ind2=" " tag="052"><subfield code="a">4144</subfield><subfield code="b">R8</subfield><subfield code="b">S6</subfield><subfield code="b">A7</subfield></datafield><datafield ind1=" " ind2=" " tag="052"><subfield code="a">4143</subfield><subfield code="b">R2</subfield></datafield><datafield ind1="0" ind2=" " tag="130"><subfield code="a">Ramsey County suburban life (Roseville, Minn. : Shoreview-Arden Hills ed.)</subfield></datafield><datafield ind1="0" ind2="0" tag="245"><subfield code="a">Ramsey County suburban life.</subfield></datafield><datafield ind1=" " ind2=" " tag="250"><subfield code="a">Shoreview-Arden Hills ed.</subfield></datafield><datafield ind1=" " ind2=" " tag="260"><subfield code="a">Roseville, Minn. :</subfield><subfield code="b">North Suburban Newspapers,</subfield><subfield code="c">1964-1966.</subfield></datafield><datafield ind1=" " ind2=" " tag="300"><subfield code="a">4 v.</subfield></datafield><datafield ind1=" " ind2=" " tag="310"><subfield code="a">Weekly</subfield></datafield><datafield ind1="0" ind2=" " tag="362"><subfield code="a">Vol. 81, no. 32 (Feb. 19, 1964)-v. 84, no. 2 (July 20, 1966).</subfield></datafield><datafield ind1=" " ind2=" " tag="530"><subfield code="a">Available on microfilm from the Minnesota Historical Society.</subfield></datafield><datafield ind1=" " ind2="0" tag="651"><subfield code="a">Roseville (Minn.)</subfield><subfield code="v">Newspapers.</subfield></datafield><datafield ind1=" " ind2="0" tag="651"><subfield code="a">Shoreview (Minn.)</subfield><subfield code="v">Newspapers.</subfield></datafield><datafield ind1=" " ind2="0" tag="651"><subfield code="a">Arden Hills (Minn.)</subfield><subfield code="v">Newspapers.</subfield></datafield><datafield ind1=" " ind2="7" tag="655"><subfield code="a">Newspapers.</subfield><subfield code="2">fast</subfield><subfield code="0">(OCoLC)fst01423814</subfield></datafield><datafield ind1=" " ind2="7" tag="651"><subfield code="a">Minnesota</subfield><subfield code="z">Arden Hills.</subfield><subfield code="2">fast</subfield><subfield code="0">(OCoLC)fst01216188</subfield></datafield><datafield ind1=" " ind2="7" tag="651"><subfield code="a">Minnesota</subfield><subfield code="z">Roseville.</subfield><subfield code="2">fast</subfield><subfield code="0">(OCoLC)fst01217317</subfield></datafield><datafield ind1=" " ind2="7" tag="651"><subfield code="a">Minnesota</subfield><subfield code="z">Shoreview.</subfield><subfield code="2">fast</subfield><subfield code="0">(OCoLC)fst01213456</subfield></datafield><datafield ind1=" " ind2=" " tag="752"><subfield code="a">United States</subfield><subfield code="b">Minnesota</subfield><subfield code="c">Ramsey</subfield><subfield code="d">Roseville.</subfield></datafield><datafield ind1=" " ind2=" " tag="752"><subfield code="a">United States</subfield><subfield code="b">Minnesota</subfield><subfield code="c">Ramsey</subfield><subfield code="d">Shoreview.</subfield></datafield><datafield ind1=" " ind2=" " tag="752"><subfield code="a">United States</subfield><subfield code="b">Minnesota</subfield><subfield code="c">Ramsey</subfield><subfield code="d">Arden Hills.</subfield></datafield><datafield ind1="0" ind2="1" tag="780"><subfield code="t">Ramsey County suburban life (Roseville, Minn. : North ed.)</subfield><subfield code="w">(DLC)sn 90060926</subfield></datafield><datafield ind1="0" ind2="0" tag="785"><subfield code="t">Suburban life (Roseville, Minn. : Shoreview-Arden Hills ed.)</subfield><subfield code="w">(DLC)sn 90060952</subfield></datafield></record>